<?xml version="1.0" encoding="UTF-8"?><record xmlns="http://www.loc.gov/MARC21/slim" xmlns:cinclude="http://apache.org/cocoon/include/1.0" xmlns:zs="http://www.loc.gov/zing/srw/">
  <leader>00380nz  a2200121n  4500</leader>
  <controlfield tag="001">no 92001917 </controlfield>
  <controlfield tag="003">DLC</controlfield>
  <controlfield tag="005">19920123165338.7</controlfield>
  <controlfield tag="008">920123n| acannaab|          |n aaa     c</controlfield>
  <datafield tag="010" ind1=" " ind2=" ">
    <subfield code="a">no 92001917 </subfield>
  </datafield>
  <datafield tag="040" ind1=" " ind2=" ">
    <subfield code="a">DGPO</subfield>
    <subfield code="c">DGPO</subfield>
  </datafield>
  <datafield tag="100" ind1="1" ind2="0">
    <subfield code="a">Dunne, William J.</subfield>
  </datafield>
  <datafield tag="670" ind1=" " ind2=" ">
    <subfield code="a">His Aviation storekeeper 2, 1991:</subfield>
    <subfield code="b">t.p. (William J. Dunne; Naval Education and Training Program Management Support Activity)</subfield>
  </datafield>
</record>